<record><leader>00000cas a2200000 a 4500</leader><controlfield tag="001">17557949</controlfield><controlfield tag="008">880229d19051972iluwr ne      0   a0eng c</controlfield><datafield ind1=" " ind2=" " tag="010"><subfield code="a">sn 88086083 </subfield></datafield><datafield ind1=" " ind2=" " tag="040"><subfield code="a">NPV</subfield><subfield code="b">eng</subfield><subfield code="c">NPV</subfield><subfield code="d">OCL</subfield><subfield code="d">NVF</subfield><subfield code="d">OCLCQ</subfield><subfield code="d">NVF</subfield><subfield code="d">OCLCF</subfield><subfield code="d">OCLCO</subfield><subfield code="d">NVF</subfield></datafield><datafield ind1=" " ind2=" " tag="042"><subfield code="a">pcc</subfield></datafield><datafield ind1=" " ind2=" " tag="043"><subfield code="a">n-us-il</subfield></datafield><datafield ind1="0" ind2="0" tag="245"><subfield code="a">Sidney times.</subfield></datafield><datafield ind1=" " ind2=" " tag="260"><subfield code="a">Sidney [Ill.] :</subfield><subfield code="b">F.D. Dentan</subfield></datafield><datafield ind1="3" ind2=" " tag="260"><subfield code="3">&lt;Oct. 23, 1908&gt;-</subfield><subfield code="a">Sidney [Ill.] :</subfield><subfield code="b">L.L. Dentan</subfield></datafield><datafield ind1=" " ind2=" " tag="300"><subfield code="a">volumes :</subfield><subfield code="b">illustrations ;</subfield><subfield code="c">48 cm.</subfield></datafield><datafield ind1=" " ind2=" " tag="310"><subfield code="a">Weekly</subfield></datafield><datafield ind1="1" ind2=" " tag="362"><subfield code="a">Began in 1905.</subfield></datafield><datafield ind1="0" ind2=" " tag="362"><subfield code="a">-v. 83, no. 18 (Oct. 27, 1972) ; v. 9, no. 6 (Nov. 3, 1972)-v. 9, no. 7 (Nov. 10, 1972).</subfield></datafield><datafield ind1=" " ind2=" " tag="530"><subfield code="a">Preservation microfilmed by the University of Illinois at Urbana-Champaign Library as part of the United States Newspaper Program; the years 1908-1968 (on 3 microfilm reels) are available for purchase from OCLC Preservation Service Centers.</subfield></datafield><datafield ind1=" " ind2=" " tag="580"><subfield code="a">Merged with: Broadlands news (Broadlands, Ill.), and: Philo booster, to form: Southern Champaign County today.</subfield></datafield><datafield ind1=" " ind2=" " tag="588"><subfield code="a">Description based on: Vol. 2, no. 2 (Jan. 26, 1906).</subfield></datafield><datafield ind1=" " ind2="0" tag="651"><subfield code="a">Sidney (Ill.)</subfield><subfield code="v">Newspapers.</subfield></datafield><datafield ind1=" " ind2="7" tag="651"><subfield code="a">Illinois</subfield><subfield code="z">Sidney.</subfield><subfield code="2">fast</subfield><subfield code="0">(OCoLC)fst01883505</subfield></datafield><datafield ind1=" " ind2="7" tag="655"><subfield code="a">Newspapers.</subfield><subfield code="2">fast</subfield><subfield code="0">(OCoLC)fst01423814</subfield></datafield><datafield ind1=" " ind2=" " tag="752"><subfield code="a">United States</subfield><subfield code="b">Illinois</subfield><subfield code="c">Champaign County</subfield><subfield code="d">Sidney.</subfield></datafield><datafield ind1="0" ind2="0" tag="780"><subfield code="t">Sidney by-way</subfield><subfield code="w">(DLC)sn 92053112</subfield><subfield code="w">(OCoLC)25122289</subfield></datafield><datafield ind1="1" ind2="7" tag="785"><subfield code="t">Broadlands news (Broadlands, Ill.)</subfield><subfield code="w">(DLC)sn 92053111</subfield><subfield code="w">(OCoLC)25122453</subfield></datafield><datafield ind1="1" ind2="7" tag="785"><subfield code="t">Philo booster</subfield><subfield code="w">(DLC)sn2001063201</subfield><subfield code="w">(OCoLC)46397540</subfield></datafield><datafield ind1="1" ind2="7" tag="785"><subfield code="t">Southern Champaign County today</subfield><subfield code="w">(DLC)sn 90054918</subfield><subfield code="w">(OCoLC)21585936</subfield></datafield></record>